<record><leader>00000cas a22000007a 4500</leader><controlfield tag="001">11011039</controlfield><controlfield tag="008">840801d18721918inuwr ne      0    0eng d</controlfield><datafield ind1=" " ind2=" " tag="010"><subfield code="a">sn 84027298 </subfield></datafield><datafield ind1=" " ind2=" " tag="040"><subfield code="a">NPU</subfield><subfield code="b">eng</subfield><subfield code="c">NPU</subfield><subfield code="d">NPX</subfield><subfield code="d">NPI</subfield><subfield code="d">OCL</subfield><subfield code="d">OCLCQ</subfield></datafield><datafield ind1=" " ind2=" " tag="042"><subfield code="a">msc</subfield></datafield><datafield ind1="0" ind2=" " tag="130"><subfield code="a">Columbus Republican (Columbus, Ind. : 1872)</subfield></datafield><datafield ind1="1" ind2="4" tag="245"><subfield code="a">The Columbus Republican.</subfield></datafield><datafield ind1=" " ind2=" " tag="260"><subfield code="a">Columbus, Ind. :</subfield><subfield code="b">Raymond S. Brown,</subfield><subfield code="c">1872-1918.</subfield></datafield><datafield ind1=" " ind2=" " tag="300"><subfield code="a">v. :</subfield><subfield code="b">ill. ;</subfield><subfield code="c">54-66 cm.</subfield></datafield><datafield ind1=" " ind2=" " tag="310"><subfield code="a">Weekly</subfield></datafield><datafield ind1=" " ind2=" " tag="321"><subfield code="a">Weekly,</subfield><subfield code="b">1872-1894</subfield></datafield><datafield ind1=" " ind2=" " tag="321"><subfield code="a">Semiweekly,</subfield><subfield code="b">1894-1896</subfield></datafield><datafield ind1="0" ind2=" " tag="362"><subfield code="a">Vol. 1, no. 1 (Apr. 4, 1872)-v. 48, no. 3 (Mar. 28, 1918).</subfield></datafield><datafield ind1=" " ind2=" " tag="500"><subfield code="a">Editor: Isaac M. Brown, &lt;1876&gt;.</subfield></datafield><datafield ind1=" " ind2=" " tag="500"><subfield code="a">Publishers: Isaac T. Brown &amp; Frank W. Lantz, Apr. 4, 1872-Jan. 23, 1873; Brown &amp;, Bro., &lt;Jan. 30, 1873-1876&gt;; Isaac T. Brown, 1898-1917; Raymond S. Brown, 1917-1918.</subfield></datafield><datafield ind1=" " ind2=" " tag="500"><subfield code="a">"Republican."</subfield></datafield><datafield ind1=" " ind2=" " tag="752"><subfield code="a">United States</subfield><subfield code="b">Indiana</subfield><subfield code="c">Bartholomew</subfield><subfield code="d">Columbus.</subfield></datafield><datafield ind1="0" ind2=" " tag="775"><subfield code="t">Daily evening Republican (Columbus, Ind.)</subfield><subfield code="w">(DLC)sn 85047939</subfield></datafield><datafield ind1="0" ind2=" " tag="775"><subfield code="t">Evening Republican (Columbus, Ind.)</subfield><subfield code="w">(DLC)sn 84045440</subfield></datafield></record>